@BOOK{ roederer,
author = {Juan G. Roederer},
title = {Electromagnetismo elemental},
edition = {Segunda edición},
date = {2020},
}

@ONLINE{ manual_multimetro,
author = {Manualslib},
title = {UNI-T UT55 Operating manual},
url = {https://www.manualslib.com/manual/538639/Uni-T-Ut51-55.html#manual}
}

@ONLINE{ apunte_guia3,
author = {César Moreno},
title = {Resonancia eléctrica},
url = {http://users.df.uba.ar/moreno/cursos/lab3/apuntes/resonancia.pdf}
}