@BOOK{ roederer,
author = {Juan G. Roederer},
title = {Electromagnetismo elemental},
edition = {Segunda edición},
date = {2020},
}

@ONLINE{ manual_multimetro,
author = {Manualslib},
title = {UNI-T UT55 Operating manual},
url = {https://www.manualslib.com/manual/538639/Uni-T-Ut51-55.html#manual}
}

@ONLINE{ apunte_guia4,
author = {César Moreno},
title = {Fenómenos transitorios eléctricos},
url = {http://users.df.uba.ar/moreno/cursos/lab3/apuntes/transitorios.pdf}
}

@ONLINE{ manual_generador,
author = {Tektronix},
title = {AFG1022 Arbitrary/Function Generator Quick Start User Manual},
url = {https://download.tek.com/manual/AFG1022-Quick-Start-User-Manual-EN.pdf}
}

@ONLINE{ manual_osciloscopio,
author = {Tektronix},
title = {TBS1000B and TBS1000B-EDU Series Digital Storage Oscilloscopes User Manual},
url = {https://download.tek.com/manual/TBS1000B-User-Manual-077088601_2.pdf}
}

@ONLINE{ manual_extech,
author = {Extech Instruments},
title = {Passive Component LCR Meter User Guide},
url = {https://www.manualslib.com/manual/1299838/Extech-Instruments-380193.html#manual}
}
